<record xmlns='http://www.loc.gov/MARC21/slim'><leader>01484cim a22003732u 4500</leader><controlfield tag='001'>3600787</controlfield><controlfield tag='005'>20151214182712.0</controlfield><controlfield tag='007'>ss|lmnjluz|nuu</controlfield><controlfield tag='008'>991101s1985    nyunnn         l    eng d</controlfield><datafield ind1=' ' ind2=' ' tag='035'><subfield code='a'>(NIC)notisASF7852</subfield></datafield><datafield ind1=' ' ind2=' ' tag='035'><subfield code='a'>3600787</subfield></datafield><datafield ind1=' ' ind2=' ' tag='035'><subfield code='a'>(OCoLC)63896602</subfield></datafield><datafield ind1=' ' ind2=' ' tag='040'><subfield code='a'>NIC</subfield><subfield code='c'>NIC</subfield><subfield code='d'>NIC </subfield><subfield code='d'>NIC</subfield></datafield><datafield ind1='1' ind2=' ' tag='100'><subfield code='a'>Shevchenko, Arkady N.</subfield></datafield><datafield ind1='1' ind2='0' tag='245'><subfield code='a'>Breaking with Moscow: revelations of a Soviet diplomat</subfield><subfield code='h'>[sound recording]</subfield></datafield><datafield ind1=' ' ind2=' ' tag='260'><subfield code='c'>1985.</subfield></datafield><datafield ind1=' ' ind2=' ' tag='300'><subfield code='a'>1 sound cassette (55 min.) :</subfield><subfield code='b'>analog, mono.</subfield></datafield><datafield ind1=' ' ind2=' ' tag='500'><subfield code='a'>Recorded in Ithaca, NY by Cornell University.</subfield></datafield><datafield ind1=' ' ind2=' ' tag='500'><subfield code='a'>Sponsored by: Center for International Studies.</subfield></datafield><datafield ind1=' ' ind2=' ' tag='500'><subfield code='a'>Speaker(s): Soviet defector and former Soviet diplomat.</subfield></datafield><datafield ind1=' ' ind2=' ' tag='518'><subfield code='a'>Lecture, October 24, 1985.</subfield></datafield><datafield ind1=' ' ind2=' ' tag='520'><subfield code='a'>Shevchenko describes his own experiences as a Soviet diplomat and as a defector from the Soviet Union and discusses US-USSR relations.</subfield></datafield><datafield ind1=' ' ind2='0' tag='651'><subfield code='a'>United States</subfield><subfield code='x'>Foreign relations</subfield><subfield code='z'>Soviet Union.</subfield></datafield><datafield ind1=' ' ind2='0' tag='651'><subfield code='a'>Soviet Union</subfield><subfield code='x'>Foreign relations</subfield><subfield code='z'>United States.</subfield></datafield><datafield ind1=' ' ind2='0' tag='650'><subfield code='a'>Political refugees</subfield><subfield code='z'>Soviet Union.</subfield></datafield><datafield ind1=' ' ind2='0' tag='650'><subfield code='a'>Defectors.</subfield></datafield><datafield ind1=' ' ind2='7' tag='650'><subfield code='a'>Defectors</subfield><subfield code='2'>fast</subfield><subfield code='0'>(OCoLC)fst00889593</subfield></datafield><datafield ind1=' ' ind2='7' tag='650'><subfield code='a'>Diplomatic relations</subfield><subfield code='2'>fast</subfield><subfield code='0'>(OCoLC)fst01907412</subfield></datafield><datafield ind1=' ' ind2='7' tag='650'><subfield code='a'>Political refugees</subfield><subfield code='2'>fast</subfield><subfield code='0'>(OCoLC)fst01069678</subfield></datafield><datafield ind1=' ' ind2='7' tag='651'><subfield code='a'>Soviet Union</subfield><subfield code='2'>fast</subfield><subfield code='0'>(OCoLC)fst01210281</subfield></datafield><datafield ind1=' ' ind2='7' tag='651'><subfield code='a'>United States</subfield><subfield code='2'>fast</subfield><subfield code='0'>(OCoLC)fst01204155</subfield></datafield><datafield ind1='1' ind2=' ' tag='899'><subfield code='a'>CULectures</subfield></datafield><datafield ind1=' ' ind2=' ' tag='905'><subfield code='a'>20000323120000.0</subfield></datafield><datafield ind1='2' ind2=' ' tag='948'><subfield code='a'>20141221</subfield><subfield code='b'>m</subfield><subfield code='d'>batch</subfield><subfield code='e'>lts</subfield><subfield code='x'>addfast</subfield></datafield></record>